@online{probe,
    author = "Yatekii",
    title = "probe-rs Homepage",
    url  = "https://probe.rs/",
    addendum = "(accessed: 26.01.2021)",
    keywords = "probe"
}

@techreport{dwarf,
    author = "DWARF Debugging Information Format Committee",
    title = "DWARF Debugging Information Format version 4",
    year = "2010",
    month = "6",
    day = "10",
    keywords = "dwarf"
}

@online{dwarfhp,
    author = "DWARF Standards Committee",
    title = "DWARF Homepage",
    url  = "http://dwarfstd.org/Home.php",
    addendum = "(accessed: 26.01.2021)",
    keywords = "dwarfhp"
}

@online{gdb,
    author = "GNU",
    title = "GDB: The GNU Project Debugger",
    url  = "https://www.gnu.org/software/gdb/",
    addendum = "(accessed: 26.01.2021)",
    keywords = "gdb"
}

@online{lldb,
    author = "The LLDB Team",
    title = "The LLDB Debugger",
    url  = "https://lldb.llvm.org/",
    addendum = "(accessed: 13.07.2021)",
    keywords = "lldb"
}

@online{gimli,
    author = "gimli-rs",
    title = "gimli github page",
    url  = "https://github.com/gimli-rs/gimli",
    addendum = "(accessed: 26.01.2021)",
    keywords = "gimli"
}

@online{dap,
    author = "Microsoft",
    title = "Debug Adapter Protocol Homepage",
    url  = "https://microsoft.github.io/debug-adapter-protocol/",
    addendum = "(accessed: 26.01.2021)",
    keywords = "dap"
}

@online{rust,
    author = "Rust Team",
    title = "Rust Homepage",
    url  = "https://www.rust-lang.org/",
    addendum = "(accessed: 26.01.2021)",
    keywords = "rust"
}
